@misc{vaswani2023attentionneed,
  title         = {Attention Is All You Need},
  author        = {Ashish Vaswani and Noam Shazeer and Niki Parmar and Jakob Uszkoreit and Llion Jones and Aidan N. Gomez and Lukasz Kaiser and Illia Polosukhin},
  year          = {2023},
  eprint        = {1706.03762},
  archiveprefix = {arXiv},
  primaryclass  = {cs.CL},
  url           = {https://arxiv.org/abs/1706.03762}
}